@article{wilson2016phase,
  title={Phase-field modeling of hydraulic fracture},
  author={Wilson, Zachary A and Landis, Chad M},
  journal={Journal of the Mechanics and Physics of Solids},
  volume={96},
  pages={264--290},
  year={2016},
  publisher={Elsevier}
}
@article{miehe2016phase,
  title={Phase field modeling of fracture in multi-physics problems. Part III. Crack driving forces in hydro-poro-elasticity and hydraulic fracturing of fluid-saturated porous media},
  author={Miehe, Christian and Mauthe, Steffen},
  journal={Computer Methods in Applied Mechanics and Engineering},
  volume={304},
  pages={619--655},
  year={2016},
  publisher={Elsevier}
}

@article{chu2017study,
  title={Study the dynamic crack path in brittle material under thermal shock loading by phase field modeling},
  author={Chu, Dongyang and Li, Xiang and Liu, Zhanli},
  journal={International Journal of Fracture},
  volume={208},
  number={1-2},
  pages={115--130},
  year={2017},
  publisher={Springer}
}

@article{baldelli2013fracture,
  title={Fracture and debonding of a thin film on a stiff substrate: analytical and numerical solutions of a one-dimensional variational model},
  author={Baldelli, Andr{\'e}s Alessandro Le{\'o}n and Bourdin, Blaise and Marigo, Jean-Jacques and Maurini, Corrado},
  journal={Continuum Mechanics and Thermodynamics},
  volume={25},
  number={2-4},
  pages={243--268},
  year={2013},
  publisher={Springer}
}

@article{sicsic2014initiation,
  title={Initiation of a periodic array of cracks in the thermal shock problem: a gradient damage modeling},
  author={Sicsic, Paul and Marigo, Jean-Jacques and Maurini, Corrado},
  journal={Journal of the Mechanics and Physics of Solids},
  volume={63},
  pages={256--284},
  year={2014},
  publisher={Elsevier}
}

@article{li2018variational,
  title={A variational model of fracture for tearing brittle thin sheets},
  author={Li, Bin and Mill{\'a}n, Daniel and Torres-S{\'a}nchez, Alejandro and Roman, Benoit and Arroyo, Marino},
  journal={Journal of the Mechanics and Physics of Solids},
  volume={119},
  pages={334--348},
  year={2018},
  publisher={Elsevier}
}

@article{bourdin2008variational,
  title={The variational approach to fracture},
  author={Bourdin, Blaise and Francfort, Gilles A and Marigo, Jean-Jacques},
  journal={Journal of elasticity},
  volume={91},
  number={1-3},
  pages={5--148},
  year={2008},
  publisher={Springer}
}

@article{bourdin2014morphogenesis,
  title={Morphogenesis and propagation of complex cracks induced by thermal shocks},
  author={Bourdin, Blaise and Marigo, Jean-Jacques and Maurini, Corrado and Sicsic, Paul},
  journal={Physical review letters},
  volume={112},
  number={1},
  pages={014301},
  year={2014},
  publisher={APS}
}

@article{zuo2016phase,
  title={Phase field modeling of lithium diffusion, finite deformation, stress evolution and crack propagation in lithium ion battery},
  author={Zuo, Peng and Zhao, Ya-Pu},
  journal={Extreme Mechanics Letters},
  volume={9},
  pages={467--479},
  year={2016},
  publisher={Elsevier}
}

@article{schluter2017phase,
  title={Phase field modelling of dynamic thermal fracture in the context of irradiation damage},
  author={Schl{\"u}ter, Alexander and Kuhn, Charlotte and M{\"u}ller, Ralf and Tomut, Marilena and Trautmann, Christina and Weick, Helmut and Plate, Carolin},
  journal={Continuum Mechanics and Thermodynamics},
  volume={29},
  number={4},
  pages={977--988},
  year={2017},
  publisher={Springer}
}

@article{miehe2015phase,
  title={Phase field modeling of fracture in multi-physics problems. Part I. Balance of crack surface and failure criteria for brittle crack propagation in thermo-elastic solids},
  author={Miehe, Christian and Schaenzel, Lisa-Marie and Ulmer, Heike},
  journal={Computer Methods in Applied Mechanics and Engineering},
  volume={294},
  pages={449--485},
  year={2015},
  publisher={Elsevier}
}

@article{zhang2016variational,
  title={A variational framework to model diffusion induced large plastic deformation and phase field fracture during initial two-phase lithiation of silicon electrodes},
  author={Zhang, Xiaoxuan and Krischok, Andreas and Linder, Christian},
  journal={Computer Methods in Applied Mechanics and Engineering},
  volume={312},
  pages={51--77},
  year={2016},
  publisher={Elsevier}
}

@article{kobayashi1993modeling,
  title={Modeling and numerical simulations of dendritic crystal growth},
  author={Kobayashi, Ryo},
  journal={Physica D: Nonlinear Phenomena},
  volume={63},
  number={3-4},
  pages={410--423},
  year={1993},
  publisher={Elsevier}
}

@article{mcfadden1993phase,
  title={Phase-field models for anisotropic interfaces},
  author={McFadden, GB and Wheeler, AA and Braun, RJ and Coriell, SR and Sekerka, RF},
  journal={Physical Review E},
  volume={48},
  number={3},
  pages={2016},
  year={1993},
  publisher={APS}
}

@article{raina2016phase,
  title={A phase-field model for fracture in biological tissues},
  author={Raina, Arun and Miehe, Christian},
  journal={Biomechanics and modeling in mechanobiology},
  volume={15},
  number={3},
  pages={479--496},
  year={2016},
  publisher={Springer}
}

@article{francfort1998revisiting,
  title={Revisiting brittle fracture as an energy minimization problem},
  author={Francfort, Gilles A and Marigo, J-J},
  journal={Journal of the Mechanics and Physics of Solids},
  volume={46},
  number={8},
  pages={1319--1342},
  year={1998},
  publisher={Elsevier}
}

@article{knoll2004jacobian,
  title={Jacobian-free Newton--Krylov methods: a survey of approaches and applications},
  author={Knoll, Dana A and Keyes, David E},
  journal={Journal of Computational Physics},
  volume={193},
  number={2},
  pages={357--397},
  year={2004},
  publisher={Elsevier}
}

@article{lubarda1994damage,
  title={Damage model for brittle elastic solids with unequal tensile and compressive strengths},
  author={Lubarda, VA and Krajcinovic, D and Mastilovic, S},
  journal={Engineering Fracture Mechanics},
  volume={49},
  number={5},
  pages={681--697},
  year={1994},
  publisher={Elsevier}
}


@book{murakami2012continuum,
  title={Continuum damage mechanics: a continuum mechanics approach to the analysis of damage and fracture},
  author={Murakami, Sumio},
  volume={185},
  year={2012},
  publisher={Springer Science \& Business Media}
}

@article{bourdin2008variational,
  title={The variational approach to fracture},
  author={Bourdin, Blaise and Francfort, Gilles A and Marigo, Jean-Jacques},
  journal={Journal of elasticity},
  volume={91},
  number={1-3},
  pages={5--148},
  year={2008},
  publisher={Springer}
}

@article{bourdin2000numerical,
  title={Numerical experiments in revisited brittle fracture},
  author={Bourdin, Blaise and Francfort, Gilles A and Marigo, Jean-Jacques},
  journal={Journal of the Mechanics and Physics of Solids},
  volume={48},
  number={4},
  pages={797--826},
  year={2000},
  publisher={Elsevier}
}

@article{aranson2000continuum,
  title={Continuum field description of crack propagation},
  author={Aranson, IS and Kalatsky, VA and Vinokur, VM},
  journal={Physical review letters},
  volume={85},
  number={1},
  pages={118},
  year={2000},
  publisher={APS}
}

@article{karma2001phase,
  title={Phase-field model of mode III dynamic fracture},
  author={Karma, Alain and Kessler, David A and Levine, Herbert},
  journal={Physical Review Letters},
  volume={87},
  number={4},
  pages={045501},
  year={2001},
  publisher={APS}
}

@article{hakim2009laws,
  title={Laws of crack motion and phase-field models of fracture},
  author={Hakim, Vincent and Karma, Alain},
  journal={Journal of the Mechanics and Physics of Solids},
  volume={57},
  number={2},
  pages={342--368},
  year={2009},
  publisher={Elsevier}
}

@article{henry2004dynamic,
  title={Dynamic instabilities of fracture under biaxial strain using a phase field model},
  author={Henry, Herv{\'e} and Levine, Herbert},
  journal={Physical review letters},
  volume={93},
  number={10},
  pages={105504},
  year={2004},
  publisher={APS}
}

@article{kuhn2008phase,
  title={A phase field model for fracture},
  author={Kuhn, C and M{\"u}ller, R},
  journal={PAMM},
  volume={8},
  number={1},
  pages={10223--10224},
  year={2008},
  publisher={Wiley Online Library}
}

@article{amor2009regularized,
  title={Regularized formulation of the variational brittle fracture with unilateral contact: numerical experiments},
  author={Amor, Hanen and Marigo, Jean-Jacques and Maurini, Corrado},
  journal={Journal of the Mechanics and Physics of Solids},
  volume={57},
  number={8},
  pages={1209--1229},
  year={2009},
  publisher={Elsevier}
}

@article{miehe1998comparison,
  title={Comparison of two algorithms for the computation of fourth-order isotropic tensor functions},
  author={Miehe, Ch},
  journal={Computers \& structures},
  volume={66},
  number={1},
  pages={37--43},
  year={1998},
  publisher={Elsevier}
}

@article{miehe2001algorithms,
  title={Algorithms for computation of stresses and elasticity moduli in terms of Seth--Hill's family of generalized strain tensors},
  author={Miehe, Christian and Lambrecht, Matthias},
  journal={International Journal for Numerical Methods in Biomedical Engineering},
  volume={17},
  number={5},
  pages={337--353},
  year={2001},
  publisher={Wiley Online Library}
}

@article{miehe2010phase,
  title={A phase field model for rate-independent crack propagation: Robust algorithmic implementation based on operator splits},
  author={Miehe, Christian and Hofacker, Martina and Welschinger, Fabian},
  journal={Computer Methods in Applied Mechanics and Engineering},
  volume={199},
  number={45},
  pages={2765--2778},
  year={2010},
  publisher={Elsevier}
}

@article{miehe2010thermodynamically,
  title={Thermodynamically consistent phase-field models of fracture: Variational principles and multi-field FE implementations},
  author={Miehe, C and Welschinger, F and Hofacker, M},
  journal={International Journal for Numerical Methods in Engineering},
  volume={83},
  number={10},
  pages={1273--1311},
  year={2010},
  publisher={Wiley Online Library}
}

@article{borden2012phase,
  title={A phase-field description of dynamic brittle fracture},
  author={Borden, Michael J and Verhoosel, Clemens V and Scott, Michael A and Hughes, Thomas JR and Landis, Chad M},
  journal={Computer Methods in Applied Mechanics and Engineering},
  volume={217},
  pages={77--95},
  year={2012},
  publisher={Elsevier}
}

@article{borden2014higher,
  title={A higher-order phase-field model for brittle fracture: Formulation and analysis within the isogeometric analysis framework},
  author={Borden, Michael J and Hughes, Thomas JR and Landis, Chad M and Verhoosel, Clemens V},
  journal={Computer Methods in Applied Mechanics and Engineering},
  volume={273},
  pages={100--118},
  year={2014},
  publisher={Elsevier}
}

@article{hakim2005crack,
  title={Crack path prediction in anisotropic brittle materials},
  author={Hakim, Vincent and Karma, Alain},
  journal={Physical review letters},
  volume={95},
  number={23},
  pages={235501},
  year={2005},
  publisher={APS}
}

@article{abdollahi2015phase,
  title={Phase-field modeling of fracture in ferroelectric materials},
  author={Abdollahi, Amir and Arias, Irene},
  journal={Archives of Computational Methods in Engineering},
  volume={22},
  number={2},
  pages={153--181},
  year={2015},
  publisher={Springer}
}

@article{li2015phase,
  title={Phase-field modeling and simulation of fracture in brittle materials with strongly anisotropic surface energy},
  author={Li, Bin and Peco, Christian and Mill{\'a}n, Daniel and Arias, Irene and Arroyo, Marino},
  journal={International Journal for Numerical Methods in Engineering},
  volume={102},
  number={3-4},
  pages={711--727},
  year={2015},
  publisher={Wiley Online Library}
}

@article{clayton2014geometrically,
  title={A geometrically nonlinear phase field theory of brittle fracture},
  author={Clayton, JD and Knap, J},
  journal={International Journal of Fracture},
  volume={189},
  number={2},
  pages={139--148},
  year={2014},
  publisher={Springer}
}

@article{clayton2015phase,
  title={Phase field modeling of directional fracture in anisotropic polycrystals},
  author={Clayton, JD and Knap, J},
  journal={Computational Materials Science},
  volume={98},
  pages={158--169},
  year={2015},
  publisher={Elsevier}
}


@article{mozaffari2015phase,
  title={Phase field based nonlocal anisotropic damage mechanics model},
  author={Mozaffari, Navid and Voyiadjis, George Z},
  journal={Physica D: Nonlinear Phenomena},
  volume={308},
  pages={11--25},
  year={2015},
  publisher={Elsevier}
}

@article{teichtmeister2015phase,
  title={Phase-Field Modeling of Fracture in Anisotropic Media},
  author={Teichtmeister, Stephan and Miehe, Christian},
  journal={PAMM},
  volume={15},
  number={1},
  pages={159--160},
  year={2015},
  publisher={Wiley Online Library}
}

@article{teichtmeister2017phase,
  title={Phase field modeling of fracture in anisotropic brittle solids},
  author={Teichtmeister, S and Kienle, D and Aldakheel, F and Keip, M-A},
  journal={International Journal of Non-Linear Mechanics},
  volume={97},
  pages={1--21},
  year={2017},
  publisher={Elsevier}
}

@article{shanthraj2017elasto,
  title={Elasto-viscoplastic phase field modelling of anisotropic cleavage fracture},
  author={Shanthraj, P and Svendsen, Bob and Sharma, Luv and Roters, Franz and Raabe, Dierk},
  journal={Journal of the Mechanics and Physics of Solids},
  volume={99},
  pages={19--34},
  year={2017},
  publisher={Elsevier}
}

@article{agrawal2016multiscale,
  title={Multiscale Phase-field Model for Phase Transformation and Fracture},
  author={Agrawal, Vaibhav},
  year={2016}
}

@article{nguyen2017phase,
  title={Phase field modelling of anisotropic crack propagation},
  author={Nguyen, Thanh Tung and R{\'e}thor{\'e}, Julien and Baietto, Marie-Christine},
  journal={European Journal of Mechanics-A/Solids},
  volume={65},
  pages={279--288},
  year={2017},
  publisher={Elsevier}
}

@article{gaston2009moose,
  title={MOOSE: A parallel computational framework for coupled systems of nonlinear equations},
  author={Gaston, Derek and Newman, Chris and Hansen, Glen and Lebrun-Grandie, Damien},
  journal={Nuclear Engineering and Design},
  volume={239},
  number={10},
  pages={1768--1778},
  year={2009},
  publisher={Elsevier}
}

@article{chakraborty2016multi,
  title={Multi-scale modeling of microstructure dependent intergranular brittle fracture using a quantitative phase-field based method},
  author={Chakraborty, Pritam and Zhang, Yongfeng and Tonks, Michael R},
  journal={Computational Materials Science},
  volume={113},
  pages={38--52},
  year={2016},
  publisher={Elsevier}
}

@article{chakraborty2016phase,
  title={A phase-field approach to model multi-axial and microstructure dependent fracture in nuclear grade graphite},
  author={Chakraborty, Pritam and Sabharwall, Piyush and Carroll, Mark C},
  journal={Journal of Nuclear Materials},
  volume={475},
  pages={200--208},
  year={2016},
  publisher={Elsevier}
}

@article{tonks2012object,
  title={An object-oriented finite element framework for multiphysics phase field simulations},
  author={Tonks, Michael R and Gaston, Derek and Millett, Paul C and Andrs, David and Talbot, Paul},
  journal={Computational Materials Science},
  volume={51},
  number={1},
  pages={20--29},
  year={2012},
  publisher={Elsevier}
}
